
-----------------------------------------------------------------------------------------------------------------------
%% ---	introduction 	

@article{favier2005influence,
	title={Influence of spatial heterogeneity on an emerging infectious disease: the case of dengue epidemics},
	author={Favier, Charly and Schmit, Delphine and M{\"u}ller-Graf, Christine DM and Cazelles, Bernard and Degallier, Nicolas and Mondet, Bernard and Dubois, Marc A},
	journal={Proceedings of the Royal Society of London B: Biological Sciences},
	volume={272},
	number={1568},
	pages={1171--1177},
	year={2005},
	publisher={The Royal Society}
}

@article{raju2008application,
	title={Application of GIS modeling for dengue fever prone area based on socio-cultural and environmental factors--a case study of Delhi city zone},
	author={Raju, KPBPLN and Sokhi, B},
	journal={Int Arch Photogramm Remote Sens Spat Inf Sci},
	volume={37},
	pages={165--170},
	year={2008}
}


@article{malavige2004dengue,
	title={Dengue viral infections},
	author={Malavige, GN and Fernando, S and Fernando, DJ and Seneviratne, SL},
	journal={Postgraduate medical journal},
	volume={80},
	number={948},
	pages={588--601},
	year={2004},
	publisher={The Fellowship of Postgraduate Medicine}
}

@article{chareonsook1999changing,
	title={Changing epidemiology of dengue hemorrhagic fever in Thailand},
	author={Chareonsook, O and Foy, HM and Teeraratkul, A and Silarug, N},
	journal={Epidemiology and infection},
	volume={122},
	number={01},
	pages={161--166},
	year={1999},
	publisher={Cambridge Univ Press}
}



@article{wichmann2011dengue,
	title={Dengue in Thailand and Cambodia: an assessment of the degree of underrecognized disease burden based on reported cases},
	author={Wichmann, Ole and Yoon, In-Kyu and Vong, Sirenda and Limkittikul, Kriengsak and Gibbons, Robert V and Mammen, Mammen P and Ly, Sowath and Buchy, Philippe and Sirivichayakul, Chukiat and Buathong, Rome and others},
	journal={PLoS Negl Trop Dis},
	volume={5},
	number={3},
	pages={e996},
	year={2011},
	publisher={Public Library of Science}
}

@article{bhatt2013global,
	title={The global distribution and burden of dengue},
	author={Bhatt, Samir and Gething, Peter W and Brady, Oliver J and Messina, Jane P and Farlow, Andrew W and Moyes, Catherine L and Drake, John M and Brownstein, John S and Hoen, Anne G and Sankoh, Osman and others},
	journal={Nature},
	volume={496},
	number={7446},
	pages={504--507},
	year={2013},
	publisher={Nature Publishing Group}
}

@article{scott2003aedes,
	title={Aedes aegypti density and the risk of dengue-virus},
	author={Scott, Thomas W and Morrison, Amy C},
	journal={Ecol. Aspects Appl. Genet. Modi. Mosq},
	volume={2},
	pages={187},
	year={2003}
}

@article{adams2006cross,
	title={Cross-protective immunity can account for the alternating epidemic pattern of dengue virus serotypes circulating in Bangkok},
	author={Adams, B and Holmes, EC and Zhang, C and Mammen, MP and Nimmannitya, S and Kalayanarooj, S and Boots, M},
	journal={Proceedings of the National Academy of Sciences},
	volume={103},
	number={38},
	pages={14234--14239},
	year={2006},
	publisher={National Acad Sciences}
}


@article{alto2008larval,
	title={Larval competition alters susceptibility of adult Aedes mosquitoes to dengue infection},
	author={Alto, Barry W and Lounibos, L Philip and Mores, Christopher N and Reiskind, Michael H},
	journal={Proceedings of the Royal Society of London B: Biological Sciences},
	volume={275},
	number={1633},
	pages={463--471},
	year={2008},
	publisher={The Royal Society}
}



@article{esteva2000influence,
	title={Influence of vertical and mechanical transmission on the dynamics of dengue disease},
	author={Esteva, Lourdes and Vargas, Cristobal},
	journal={Mathematical biosciences},
	volume={167},
	number={1},
	pages={51--64},
	year={2000},
	publisher={Elsevier}
}


@article{halstead2008dengue,
	title={Dengue virus-mosquito interactions},
	author={Halstead, Scott B},
	journal={Annu. Rev. Entomol.},
	volume={53},
	pages={273--291},
	year={2008},
	publisher={Annual Reviews}
}



@article{chareonviriyaphap2003larval,
	title={Larval habitats and distribution patterns of Aedes aegypti (Linnaeus) and Aedes albopictus (Skuse), in Thailand.},
	author={Chareonviriyaphap, Theeraphap and Akratanakul, Pongthep and Nettanomsak, Sommawan and Huntamai, Sataporn},
	year={2003}
}

@article{syarifah2008ovitrap,
	title={Ovitrap ratio of Aedes aegypti larvae collected inside and outside houses in a community survey to prevent dengue outbreak, Bandung, Indonesia, 2007},
	author={Syarifah, Neneng and Rusmatini, Tinni and Djatie, Tjahjono and Huda, Fathul},
	journal={Proc Assoc Southeast Asian Nations Congr Trop Med Parasitolol},
	volume={3},
	pages={116--120},
	year={2008}
}

@article{arunachalam2010eco,
	title={Eco-bio-social determinants of dengue vector breeding: a multicountry study in urban and periurban Asia},
	author={Arunachalam, Natarajan and Tana, Susilowati and Espino, Fe and Kittayapong, Pattamaporn and Abeyewickrem, Wimal and Wai, Khin Thet and Tyagi, Brij Kishore and Kroeger, Axel and Sommerfeld, Johannes and Petzold, Max},
	journal={Bulletin of the World Health Organization},
	volume={88},
	number={3},
	pages={173--184},
	year={2010},
	publisher={SciELO Public Health}
}

@article{lambrechts2011impact,
	title={Impact of daily temperature fluctuations on dengue virus transmission by Aedes aegypti},
	author={Lambrechts, Louis and Paaijmans, Krijn P and Fansiri, Thanyalak and Carrington, Lauren B and Kramer, Laura D and Thomas, Matthew B and Scott, Thomas W},
	journal={Proceedings of the National Academy of Sciences},
	volume={108},
	number={18},
	pages={7460--7465},
	year={2011},
	publisher={National Acad Sciences}
}

@article{carrington2013reduction,
	title={Reduction of Aedes aegypti vector competence for dengue virus under large temperature fluctuations},
	author={Carrington, Lauren B and Seifert, Stephanie N and Armijos, M Veronica and Lambrechts, Louis and Scott, Thomas W},
	journal={The American journal of tropical medicine and hygiene},
	volume={88},
	number={4},
	pages={689--697},
	year={2013},
	publisher={ASTMH}
}


@article{stoddard2014long,
	title={Long-term and seasonal dynamics of dengue in Iquitos, Peru},
	author={Stoddard, Steven T and Wearing, Helen J and Reiner Jr, Robert C and Morrison, Amy C and Astete, Helvio and Vilcarromero, Stalin and Alvarez, Carlos and Ramal-Asayag, Cesar and Sihuincha, Moises and Rocha, Claudio and others},
	journal={PLoS Negl Trop Dis},
	volume={8},
	number={7},
	pages={e3003},
	year={2014},
	publisher={Public Library of Science}
}

@misc{whodengue2012,
	author = {WHO},
	title = {Dengue fever/dengue haemorrhagic fever},
	howpublished = {\url{http://www.who.int/csr/disease/dengue/en/index.html}},
	year = {2012},
	note = {Accessed: 2015-10-30}
}

@article{world2007scientific,
	title={Scientific working group report on dengue},
	author={WHO and others},
	journal={Geneva, Switzerland: WHO},
	year={2007}
}

@misc{whodengue2012fact,
	author = {WHO},
	title = {Dengue and dengue haemorrhagic fever. Fact sheet number 117},
	howpublished = {\url{http://www.who.int/mediacentre/factsheets/fs117/en/}},
	year = {2012},
	note = { Accessed 2015-11-5}
}


@misc{whoimpactdengue2008,
	author = {WHO},
	title = {Impact of Dengue},
	howpublished = {\url{http://www.who.int/mediacentre/factsheets/fs117/en/}},
	year = {2008},
	note = { Accessed 2015-11-14}
}


@article{bhatt2013global,
	title={The global distribution and burden of dengue},
	author={Bhatt, Samir and Gething, Peter W and Brady, Oliver J and Messina, Jane P and Farlow, Andrew W and Moyes, Catherine L and Drake, John M and Brownstein, John S and Hoen, Anne G and Sankoh, Osman and others},
	journal={Nature},
	volume={496},
	number={7446},
	pages={504--507},
	year={2013},
	publisher={Nature Publishing Group}
}

@article{gubler2002epidemic,
	title={Epidemic dengue/dengue hemorrhagic fever as a public health, social and economic problem in the 21st century},
	author={Gubler, Duane J},
	journal={Trends in microbiology},
	volume={10},
	number={2},
	pages={100--103},
	year={2002},
	publisher={Elsevier}
}

@article{gubler2004cities,
	title={Cities spawn epidemic dengue viruses},
	author={Gubler, Duane J},
	journal={Nature medicine},
	volume={10},
	number={2},
	pages={129--130},
	year={2004},
	publisher={Nature Publishing Group}
}

@article{anuradha19981996,
	title={The 1996 outbreak of dengue hemorrhagic fever in Delhi, India.},
	author={Anuradha, S and Singh, NP and Rizvi, SN and Agarwal, SK and Gur, Renu and Mathur, MD},
	year={1998}
}

@article{vaughn2000invited,
	title={Invited commentary: Dengue lessons from Cuba},
	author={Vaughn, David W},
	journal={American Journal of Epidemiology},
	volume={152},
	number={9},
	pages={800--803},
	year={2000},
	publisher={Oxford Univ Press}
}

@article{clark2005economic,
	title={Economic impact of dengue fever/dengue hemorrhagic fever in Thailand at the family and population levels},
	author={Clark, Danielle V and Mammen, Mammen P and Nisalak, Ananda and Puthimethee, Virat and Endy, Timothy P},
	journal={The American journal of tropical medicine and hygiene},
	volume={72},
	number={6},
	pages={786--791},
	year={2005},
	publisher={ASTMH}
}

@article{luz2009disability,
	title={Disability adjusted life years lost to dengue in Brazil},
	author={Luz, PM and Grinsztejn, B and Galvani, AP},
	journal={Tropical Medicine \& International Health},
	volume={14},
	number={2},
	pages={237--246},
	year={2009},
	publisher={Wiley Online Library}
}

@article{farrar2007editorial,
	title={Editorial: Towards a global dengue research agenda},
	author={Farrar, Jeremy and Focks, D and Gubler, D and Barrera, R and Guzman, MG and Simmons, C and Kalayanarooj, S and Lum, L and McCall, PJ and Lloyd, L and others},
	journal={Tropical Medicine \& International Health},
	volume={12},
	number={6},
	pages={695--699},
	year={2007},
	publisher={Wiley Online Library}
}


@article{focks1995simulation,
	title={A simulation model of the epidemiology of urban dengue fever: literature analysis, model development, preliminary validation, and samples of simulation results},
	author={Focks, Dana A and Daniels, Eric and Haile, Dan G and Keesling, James E and others},
	journal={American Journal of Tropical Medicine and Hygiene},
	volume={53},
	number={5},
	pages={489--506},
	year={1995},
	publisher={[Lawrence, Kan., etc., Allen Press, etc.]}
}

@article{leitmeyer1999dengue,
	title={Dengue virus structural differences that correlate with pathogenesis},
	author={Leitmeyer, Katrin C and Vaughn, David W and Watts, Douglas M and Salas, Rosalba and Villalobos, Iris and Ramos, Celso and Rico-Hesse, Rebeca and others},
	journal={Journal of virology},
	volume={73},
	number={6},
	pages={4738--4747},
	year={1999},
	publisher={Am Soc Microbiol}
}

@article{runge2008does,
	title={What does dengue disease surveillance contribute to predicting and detecting outbreaks and describing trends?},
	author={Runge-Ranzinger, Silvia and Horstick, Olaf and Marx, Michael and Kroeger, Axel},
	journal={Tropical Medicine \& International Health},
	volume={13},
	number={8},
	pages={1022--1041},
	year={2008},
	publisher={Wiley Online Library}
}

@article{thammapalo2008environmental,
	title={Environmental factors and incidence of dengue fever and dengue haemorrhagic fever in an urban area, Southern Thailand},
	author={Thammapalo, S and Chongsuvivatwong, V and Geater, A and Dueravee, M},
	journal={Epidemiology and Infection},
	volume={136},
	number={01},
	pages={135--143},
	year={2008},
	publisher={Cambridge Univ Press}
}

@article{sarfraz2014near,
	title={Near real-time characterisation of urban environments: a holistic approach for monitoring dengue fever risk areas},
	author={Sarfraz, Muhammad Shahzad and Tripathi, Nitin Kumar and Kitamoto, Asanobu},
	journal={International Journal of Digital Earth},
	volume={7},
	number={11},
	pages={916--934},
	year={2014},
	publisher={Taylor \& Francis}
}

@article{de2004dengue,
	title={Dengue virus surveillance: the co-circulation of DENV-1, DENV-2 and DENV-3 in the State of Rio de Janeiro, Brazil},
	author={De Simone, TS and Nogueira, RMR and Ara{\'u}jo, ESM and Guimar{\~a}es, FR and Santos, FB and Schatzmayr, HG and Souza, RV and Teixeira Filho, G and Miagostovich, MP},
	journal={Transactions of the Royal Society of Tropical Medicine and Hygiene},
	volume={98},
	number={9},
	pages={553--562},
	year={2004},
	publisher={Oxford University Press}
}





-----------------------------------------------------------------------------------------------------------------------
%% ---	2.1 dengue fever 	


@article{whitehead2007prospects,
	title={Prospects for a dengue virus vaccine},
	author={Whitehead, Stephen S and Blaney, Joseph E and Durbin, Anna P and Murphy, Brian R},
	journal={Nature Reviews Microbiology},
	volume={5},
	number={7},
	pages={518--528},
	year={2007},
	publisher={Nature Publishing Group}
}

@misc{who2009dengue,
	title={Dengue: guidelines for diagnosis, treatment, prevention and control},
	author={WHO, TDR},
	year={2009},
	publisher={WHO Geneva}
}

@book{world2009dengue,
	title={Dengue: guidelines for diagnosis, treatment, prevention and control},
	author={WHO and Special Programme for Research and Training in Tropical Diseases},
	year={2009},
	publisher={WHO}
}

@article{wang2000evolutionary,
	title={Evolutionary relationships of endemic/epidemic and sylvatic dengue viruses},
	author={Wang, Eryu and Ni, Haolin and Xu, Renling and Barrett, Alan DT and Watowich, Stanley J and Gubler, Duane J and Weaver, Scott C},
	journal={Journal of virology},
	volume={74},
	number={7},
	pages={3227--3234},
	year={2000},
	publisher={Am Soc Microbiol}
}

@article{holmes2003origin,
	title={The origin, emergence and evolutionary genetics of dengue virus},
	author={Holmes, Edward C and Twiddy, S Susanna},
	journal={Infection, genetics and evolution},
	volume={3},
	number={1},
	pages={19--28},
	year={2003},
	publisher={Elsevier}
}

@article{vasilakis2008sylvatic,
	title={Sylvatic dengue virus type 2 activity in humans, Nigeria, 1966},
	author={Vasilakis, Nikos and Tesh, Robert B and Weaver, Scott C},
	journal={Emerging infectious diseases},
	volume={14},
	number={3},
	pages={502},
	year={2008},
	publisher={Centers for Disease Control}
}

@article{zeller1992dengue,
	title={Dengue-2 virus isolation from humans during an epizootic in southeastern Senegal in November, 1990},
	author={Zeller, HG and Traore-Lamizana, Moumouni and Monlun, E and Hervy, Jean-Paul and Mondo, M and Digoutte, JP},
	journal={Research in virology},
	volume={143},
	pages={101--102},
	year={1992},
	publisher={Elsevier Masson}
}

@misc{whodenvsym2015,
	author = {WHO},
	title = {Human Dengue Symptoms},
	howpublished = {\url{http://www.who.int/denguecontrol/human/en/}},
	year = {2015},
	note = { Accessed 2015-11-19}
}

@article{gubler1995dengue,
	title={Dengue/dengue hemorrhagic fever: the emergence of a global health problem.},
	author={Gubler, Duane J and Clark, Gary G},
	journal={Emerging infectious diseases},
	volume={1},
	number={2},
	pages={55},
	year={1995},
	publisher={Centers for Disease Control}
}

@misc{whodenvtype2015,
	author = {WHO},
	title = {Dengue Type},
	howpublished = {\url{http://www.who.int/mediacentre/factsheets/fs117/en/}},
	year = {2015},
	note = { Accessed 2015-11-20}
}

@misc{webmdsymptoms2015,
	author = {WebMD},
	title = {Symptoms of Dengue Fever},
	howpublished = {\url{http://www.webmd.com/a-to-z-guides/dengue-fever-reference}},
	year = {2015},
	note = { Accessed 2015-11-24}
}

@article{hesse2007dengue,
	title={Dengue virus evolution and virulence models},
	author={Hesse, Rebeca Rico},
	journal={Clinical Infectious Diseases},
	volume={44},
	number={11},
	pages={1462--1466},
	year={2007},
	publisher={Oxford University Press}
}

@article{gubler2002epidemic,
	title={Epidemic dengue/dengue hemorrhagic fever as a public health, social and economic problem in the 21st century},
	author={Gubler, Duane J},
	journal={Trends in microbiology},
	volume={10},
	number={2},
	pages={100--103},
	year={2002},
	publisher={Elsevier}
}

@article{tatem2006global,
	title={Global traffic and disease vector dispersal},
	author={Tatem, Andrew J and Hay, Simon I and Rogers, David J},
	journal={Proceedings of the National Academy of Sciences},
	volume={103},
	number={16},
	pages={6242--6247},
	year={2006},
	publisher={National Acad Sciences}
}

-----------------------------------------------------------------------------------------------------------------------
%% ---	2.1.1 dengue fever in thailand	


@article{hammon1964virological,
	title={Virological findings in the 1960 hemorrhagic fever epidemic (dengue) in Thailand},
	author={Hammon, W McD and Sather, GE},
	journal={The American journal of tropical medicine and hygiene},
	volume={13},
	number={4},
	pages={629--641},
	year={1964},
	publisher={ASTMH}
}

@article{chareonsook1999changing,
	title={Changing epidemiology of dengue hemorrhagic fever in Thailand},
	author={Chareonsook, O and Foy, HM and Teeraratkul, A and Silarug, N},
	journal={Epidemiology and infection},
	volume={122},
	number={01},
	pages={161--166},
	year={1999},
	publisher={Cambridge Univ Press}
}

@misc{denguethai2015,
	author = {Bureau of Vector-Borne Diseases Thailand},
	title = {Dengue fever situation in Thailand},
	howpublished = {\url{http://www.thaivbd.org/n/dengues?module=สถานการณ์ไข้เลือดออก&type=week&year=2558}},
	year = {2015},
	note = { Accessed 2015-12-1}
}

@article{cummings2009impact,
	title={The impact of the demographic transition on dengue in Thailand: insights from a statistical analysis and mathematical modeling},
	author={Cummings, Derek AT and Iamsirithaworn, Sopon and Lessler, Justin T and McDermott, Aidan and Prasanthong, Rungnapa and Nisalak, Ananda and Jarman, Richard G and Burke, Donald S and Gibbons, Robert V and others},
	journal={PLoS medicine},
	volume={6},
	number={9},
	pages={999},
	year={2009}
}

@article{wilder2012denguetools,
	title={DengueTools: innovative tools and strategies for the surveillance and control of dengue},
	author={Wilder-Smith, Annelies and Renhorn, Karl-Erik and Tissera, Hasitha and Bakar, Sazaly Abu and Alphey, Luke and Kittayapong, Pattamaporn and Lindsay, Steve and Logan, James and Hatz, Christoph and Reiter, Paul and others},
	journal={Global health action},
	volume={5},
	year={2012},
	publisher={Co-Action Publishing}
}

-----------------------------------------------------------------------------------------------------------------------
%% ---	2.2  Aedes_Mosquito_Characteristics

@misc{denguethai2015,
	author = {Marc Zimmer},
	title = {Modifying mosquitoes to stop transmission of dengue fever},
	howpublished = {\url{http://theconversation.com/modifying-mosquitoes-to-stop-transmission-of-dengue-fever-42287}},
	year = {2015},
	note = { Accessed 2015-12-4}
}

@article{focks1993dynamic,
	title={Dynamic life table model for Aedes aegypti (Diptera: Culicidae): analysis of the literature and model development},
	author={Focks, D Ae and Haile, DG and Daniels, E and Mount, G Ae},
	journal={Journal of medical entomology},
	volume={30},
	number={6},
	pages={1003--1017},
	year={1993}
}

@article{harrington2001analysis,
	title={Analysis of survival of young and old Aedes aegypti (Diptera: Culicidae) from Puerto Rico and Thailand},
	author={Harrington, Laura C and Buonaccorsi, John P and Edman, John D and Costero, Adriana and Kittayapong, Pattamaporn and Clark, Gary G and Scott, Thomas W},
	journal={Journal of Medical Entomology},
	volume={38},
	number={4},
	pages={537--547},
	year={2001},
	publisher={The Oxford University Press}
}

@misc{whomosquito2007,
	author = {WHO},
	title = {The Aedes mosquito chacteristic},
	howpublished = {\url{http://www.who.int/denguecontrol/mosquito/en/}},
	year = {2007},
	note = { Accessed 2015-11-20}
}

@misc{zettel2012yellow,
	title={Yellow fever mosquito Aedes aegypti (Linnaeus)(Insecta: Diptera: Culicidae)},
	author={Zettel, Catherine and Kaufman, Phillip},
	year={2012},
	publisher={EENY-434. Entomology and Nematology Department, Florida Cooperative Extension Service, Institute of Food and Agricultural Sciences, University of Florida, Gainesville, Florida. Retrieved}
}

@article{mortimer1998aedes,
	title={Aedes aegypti and Dengue fever},
	author={Mortimer, Roland},
	journal={Rio de Janeiro. Diakses tanggal},
	volume={15},
	year={1998}
}

@misc{natureeducation2014,
	author = {NatureEducation},
	title = {Aedes aegypti life cycle},
	howpublished = {\url{http://www.nature.com/scitable/content/aedes-aegypti-life-cycle-22400575}},
	year = {2014},
	note = { Accessed 2015-11-20}
}

-----------------------------------------------------------------------------------------------------------------------
% ---	2.3  Enironmental factor of dengue outbreak %


@article{chang2009combining,
	title={Combining Google Earth and GIS mapping technologies in a dengue surveillance system for developing countries},
	author={Chang, Aileen Y and Parrales, Maria E and Jimenez, Javier and Sobieszczyk, Magdalena E and Hammer, Scott M and Copenhaver, David J and Kulkarni, Rajan P},
	journal={International journal of health geographics},
	volume={8},
	number={1},
	pages={49},
	year={2009},
	publisher={BioMed Central Ltd}
}

@article{knudsen1992vector,
	title={Vector-borne disease problems in rapid urbanization: new approaches to vector control.},
	author={Knudsen, A Bruce and Slooff, Rudolf},
	journal={Bulletin of the World Health Organization},
	volume={70},
	number={1},
	pages={1},
	year={1992},
	publisher={World Health Organization}
}

@article{troyo2009urban,
	title={Urban structure and dengue incidence in Puntarenas, Costa Rica},
	author={Troyo, Adriana and Fuller, Douglas O and Calder{\'o}n-Arguedas, Olger and Solano, Mayra E and Beier, John C},
	journal={Singapore journal of tropical geography},
	volume={30},
	number={2},
	pages={265--282},
	year={2009},
	publisher={Wiley Online Library}
}

@article{barnard2014measurement,
	title={Measurement of landing mosquito density on humans},
	author={Barnard, Donald R and Dickerson, Catherine Z and Murugan, Kadarkarai and Xue, Rui-De and Kline, Daniel L and Bernier, Ulrich R},
	journal={Acta tropica},
	volume={136},
	pages={58--67},
	year={2014},
	publisher={Elsevier}
}

@article{sulaiman1996relationship,
	title={Relationship between Breteau and house indices and cases of dengue/dengue hemorrhagic fever in Kuala Lumpur, Malaysia},
	author={Sulaiman, SALLEHUDIN and Pawanchee, ZAINOL ARIFIN and Arifin, Z and Wahab, A},
	journal={JOURNAL-AMERICAN MOSQUITO CONTROL ASSOCIATION},
	volume={12},
	pages={494--496},
	year={1996}
}

@article{thammapalo2008environmental,
	title={Environmental factors and incidence of dengue fever and dengue haemorrhagic fever in an urban area, Southern Thailand},
	author={Thammapalo, S and Chongsuvivatwong, V and Geater, A and Dueravee, M},
	journal={Epidemiology and Infection},
	volume={136},
	number={01},
	pages={135--143},
	year={2008},
	publisher={Cambridge Univ Press}
}

@article{mogi1988ovitrap,
	title={Ovitrap surveys of dengue vector mosquitoes in Chiang Mai, northern Thailand: seasonal shifts in relative abundance of Aedes albopictus and Ae. aegypti},
	author={Mogi, M and Khamboonruang, C and Choochote, W and Suwanpanit, P},
	journal={Medical and veterinary entomology},
	volume={2},
	number={4},
	pages={319--324},
	year={1988},
	publisher={Wiley Online Library}
}

% ---	2.3.3

@article{sarfraz2014near,
	title={Near real-time characterisation of urban environments: a holistic approach for monitoring dengue fever risk areas},
	author={Sarfraz, Muhammad Shahzad and Tripathi, Nitin Kumar and Kitamoto, Asanobu},
	journal={International Journal of Digital Earth},
	volume={7},
	number={11},
	pages={916--934},
	year={2014},
	publisher={Taylor \& Francis}
}

% ---	2.3.4

@article{nakhapakorn2005information,
	title={An information value based analysis of physical and climatic factors affecting dengue fever and dengue haemorrhagic fever incidence},
	author={Nakhapakorn, Kanchana and Tripathi, Nitin K},
	journal={International Journal of Health Geographics},
	volume={4},
	number={1},
	pages={13},
	year={2005},
	publisher={BioMed Central Ltd}
}


% ---	2.3.5

@article{van2005spatial,
	title={Spatial patterns of and risk factors for seropositivity for dengue infection},
	author={VAN BENTHEM, BIRGIT HB and Vanwambeke, Sophie O and Khantikul, Nardlada and Burghoorn-Maas, Chantal and Panart, Kamolwan and Oskam, Linda and Lambin, Eric F and Somboon, Pradya},
	journal={The American journal of tropical medicine and hygiene},
	volume={72},
	number={2},
	pages={201--208},
	year={2005},
	publisher={ASTMH}
}


% ---	2.3.6

@article{lambrechts2011impact,
	title={Impact of daily temperature fluctuations on dengue virus transmission by Aedes aegypti},
	author={Lambrechts, Louis and Paaijmans, Krijn P and Fansiri, Thanyalak and Carrington, Lauren B and Kramer, Laura D and Thomas, Matthew B and Scott, Thomas W},
	journal={Proceedings of the National Academy of Sciences},
	volume={108},
	number={18},
	pages={7460--7465},
	year={2011},
	publisher={National Acad Sciences}
}

@article{wu2009higher,
	title={Higher temperature and urbanization affect the spatial patterns of dengue fever transmission in subtropical Taiwan},
	author={Wu, Pei-Chih and Lay, Jinn-Guey and Guo, How-Ran and Lin, Chuan-Yao and Lung, Shih-Chun and Su, Huey-Jen},
	journal={Science of the total Environment},
	volume={407},
	number={7},
	pages={2224--2233},
	year={2009},
	publisher={Elsevier}
}

@article{limkittikul2014epidemiological,
	title={Epidemiological trends of dengue disease in Thailand (2000--2011): a systematic literature review},
	author={Limkittikul, Kriengsak and Brett, Jeremy and L'Azou, Ma{\"\i}na},
	year={2014}
}

@article{rueda1990temperature,
	title={Temperature-dependent development and survival rates of Culex quinquefasciatus and Aedes aegypti(Diptera: Culicidae).},
	author={Rueda, LM and Patel, KJ and Axtell, RC and Stinner, RE and others},
	journal={Journal of medical entomology},
	volume={27},
	number={5},
	pages={892--898},
	year={1990},
	publisher={Lanham}
}

@article{brady2013modelling,
	title={Modelling adult Aedes aegypti and Aedes albopictus survival at different temperatures in laboratory and field settings},
	author={Brady, Oliver J and Johansson, Michael A and Guerra, Carlos A and Bhatt, Samir and Golding, Nick and Pigott, David M and Delatte, H{\'e}l{\`e}ne and Grech, Marta G and Leisnham, Paul T and Maciel-de-Freitas, Rafael and others},
	journal={Parasit Vectors},
	volume={6},
	number={1},
	pages={351--362},
	year={2013}
}

@article{tun2000effects,
	title={Effects of temperature and larval diet on development rates and survival of the dengue vector Aedes aegypti in north Queensland, Australia},
	author={Tun-Lin, W and Burkot, TR and Kay, BH},
	journal={Medical and veterinary entomology},
	volume={14},
	number={1},
	pages={31--37},
	year={2000},
	publisher={Wiley Online Library}
}

@article{li1985rainfall,
	title={Rainfall, abundance of Aedes aegypti and dengue infection in Selangor, Malaysia.},
	author={Li, CF and Lim, TW and Han, LL and Fang, RANDAL},
	journal={The Southeast Asian journal of tropical medicine and public health},
	volume={16},
	number={4},
	pages={560--568},
	year={1985}
}


@article{hales2002potential,
	title={Potential effect of population and climate changes on global distribution of dengue fever: an empirical model},
	author={Hales, Simon and De Wet, Neil and Maindonald, John and Woodward, Alistair},
	journal={The Lancet},
	volume={360},
	number={9336},
	pages={830--834},
	year={2002},
	publisher={Elsevier}
}


-----------------------------------------------------------------------------------------------------------------------
%% ---	UAV

@misc{wikiuav2016,
	author = {Wikipedia},
	title = {Unmanned aerial vehicle},
	howpublished = {\url{https://en.wikipedia.org/wiki/Unmanned_aerial_vehicle}},
	year = {2016},
	note = { Accessed 2016-01-10}
}

@misc{upuav2016,
	author = {UltimatePositioning},
	title = {Professional UAVs service},
	howpublished = {\url{http://www.up.co.th/aerial.html}},
	year = {2016},
	note = { Accessed 2016-01-10}
}

@misc{questuav2016,
	author = {QuestUAV},
	title = {Fixed wing versus rotary wing for uav mapping applications },
	howpublished = {\url{http://www.questuav.com/news/fixed-wing-versus-rotary-wing-for-uav-mapping-applications}},
	year = {2015},
	note = { Accessed 2016-01-10}
}

@misc{dji2016,
	author = {DJI},
	title = {Professionals MAVs Company},
	howpublished = {\url{https://www.dji.com/}},
	year = {2016},
	note = { Accessed 2016-01-10}
}

@misc{sensefly2016,
	author = {Sensefly},
	title = {Develop and produce aerial imaging drones},
	howpublished = {\url{https://www.sensefly.com/}},
	year = {2016},
	note = { Accessed 2016-01-10}
}

@misc{parrot2016,
	author = {Parrot},
	title = {Develop and produce MAV for smartphone},
	howpublished = {\url{http://www.parrot.com/}},
	year = {2016},
	note = { Accessed 2016-01-10}
}

@misc{3dr2016,
	author = {3dr},
	title = {Develop and produce opensource UAVs},
	howpublished = {\url{https://3dr.com/}},
	year = {2016},
	note = { Accessed 2016-01-10}
}


-----------------------------------------------------------------------------------------------------------------------
%% ---	UAV Mapping

@misc{pix4d2016,
	author = {Pix4d},
	title = {Advanced photogrammetry software uses images to create professional orthomosaics, point clouds, models and more.},
	howpublished = {\url{https://www.pix4d.com}},
	year = {2016},
	note = { Accessed 2016-01-18}
}

@misc{photomodeler,
	author = {EosSystems-Inc},
	title = {PhotoModeler, a software for extracting 3D Measurements and Models from photographs taken with an ordinary camera.},
	howpublished = {\url{http://www.photomodeler.com}},
	year = {2016},
	note = { Accessed 2016-01-18}
}

@misc{agisoft2016,
	author = {Agisoft},
	title = {Agisoft PhotoScan, a stand-alone software product that performs photogrammetric processing of digital images and generates 3D spatial data.},
	howpublished = {\url{http://www.agisoft.com}},
	year = {2016},
	note = { Accessed 2016-01-18}
}

@inproceedings{vallet2011photogrammetric,
	title={Photogrammetric performance of an ultra light weight swinglet UAV},
	author={Vallet, Julien and Panissod, Flory and Strecha, Christoph and Tracol, M},
	booktitle={UAV-g},
	number={EPFL-CONF-169252},
	year={2011}
}

-----------------------------------------------------------------------------------------------------------------------
%% ---	Sensor


@misc{robotshop2016,
	author = {Robotshop},
	title = {Sensor for robot.},
	howpublished = {\url{http://www.robotshop.com/en/uav-parts.html}},
	year = {2016},
	note = { Accessed 2016-01-18}
}

@misc{makershed2016,
	author = {Makershed},
	title = {Online market for inventor.},
	howpublished = {\url{http://www.makershed.com/collections/sensors}},
	year = {2016},
	note = { Accessed 2016-01-18}
}


-----------------------------------------------------------------------------------------------------------------------
%% ---	Prediction

@article{rodriguez1995risk,
	title={Risk factors for dengue infection during an outbreak in Yanes, Puerto Rico in 1991.},
	author={Rodriguez-Figueroa, Linnette and Rigau-Perez, Jose G and Suarez, Erick L and Reiter, Paul},
	journal={The American journal of tropical medicine and hygiene},
	volume={52},
	number={6},
	pages={496--502},
	year={1995}
}

@article{lu2009time,
	title={Time series analysis of dengue fever and weather in Guangzhou, China},
	author={Lu, Liang and Lin, Hualiang and Tian, Linwei and Yang, Weizhong and Sun, Jimin and Liu, Qiyong},
	journal={BMC Public Health},
	volume={9},
	number={1},
	pages={395},
	year={2009},
	publisher={BioMed Central Ltd}
}

@article{gharbi2011time,
	title={Time series analysis of dengue incidence in Guadeloupe, French West Indies: forecasting models using climate variables as predictors},
	author={Gharbi, Myriam and Quenel, Philippe and Gustave, Jo{\"e}l and Cassadou, Sylvie and Ruche, Guy L and Girdary, Laurent and Marrama, Laurence},
	journal={BMC infectious diseases},
	volume={11},
	number={1},
	pages={166},
	year={2011},
	publisher={BioMed Central Ltd}
}

@article{reich2015challenges,
	title={Challenges and best practices in real-time prediction of infectious disease: a case study of dengue in Thailand},
	author={Reich, Nicholas G and Lauer, Stephen A and Sakrejda, Krzysztof and Iamsirithaworn, Sopon and Hinjoy, Soawapak and Suangtho, Paphanij and Suthachana, Suthanun and Clapham, Hannah E and Salje, Henrik and Cummings, Derek AT and others},
	year={2015}
}


-----------------------------------------------------------------------------------------------------------------------
%% ---	Methodology

%% ---	Study area

@misc{WPR2015,
	author = {{World Population Review}},
	title = {Bangkok Population 2015.},
	howpublished = {\url{http://worldpopulationreview.com/world-cities/bangkok-population/}},
	year = {2015},
	note = { Accessed 2016-01-18}
}

@misc{wwo2012,
	author = {{World Weather Online}},
	title = {Bangkok average temperature and rain from year 2000 to 2012.},
	howpublished = {\url{http://worldpopulationreview.com/world-cities/bangkok-population/}},
	year = {2012},
	note = { Accessed 2016-01-18}
}

@misc{wikibangkok,
	author = {Wikipedia},
	title = {Bangkok disticts 2015.},
	howpublished = {\url{https://en.wikipedia.org/wiki/List_of_districts_of_Bangkok}},
	year = {2012},
	note = { Accessed 2016-01-18}
}


@article{whitehorn2010dengue,
	title={Dengue},
	author={Whitehorn, James and Farrar, Jeremy},
	journal={British medical bulletin},
	volume={95},
	number={1},
	pages={161--173},
	year={2010},
	publisher={British Council}
}

@article{reiter2010yellow,
	title={Yellow fever and dengue: a threat to Europe},
	author={Reiter, Paul and others},
	journal={Euro Surveill},
	volume={15},
	number={10},
	pages={19509},
	year={2010}
}


-----------------------------------------------------------------------------------------------------------------------
%% ---	Predicion model

@misc{rproject,
	author = {R-project},
	title = {A language and environment for statistical computing and graphics},
	howpublished = {\url{https://www.r-project.org/}},
	year = {2015},
	note = { Accessed 2016-01-18}
}

@misc{rstudio,
	author = {Rtudio},
	title = {Free and open source integrated development environment (IDE) for R},
	howpublished = {\url{https://www.rstudio.com/}},
	year = {2015},
	note = { Accessed 2016-01-18}
}

@misc{shiny,
	author = {Rtudio},
	title = {Shiny, the web application framework for R},
	howpublished = {\url{http://shiny.rstudio.com/}},
	year = {2016},
	note = { Accessed 2016-03-09}
}

-----------------------------------------------------------------------------------------------------------------------
%% ---	Compare model

@article{wongkoon2012development,
	title={Development of temporal modeling for prediction of dengue infection in Northeastern Thailand},
	author={Wongkoon, Siriwan and Jaroensutasinee, Mullica and Jaroensutasinee, Krisanadej},
	journal={Asian Pacific journal of tropical medicine},
	volume={5},
	number={3},
	pages={249--252},
	year={2012},
	publisher={Elsevier}
}

@article{lowe2011spatio,
	title={Spatio-temporal modelling of climate-sensitive disease risk: Towards an early warning system for dengue in Brazil},
	author={Lowe, Rachel and Bailey, Trevor C and Stephenson, David B and Graham, Richard J and Coelho, Caio AS and Carvalho, Marilia Sa and Barcellos, Christovam},
	journal={Computers \& Geosciences},
	volume={37},
	number={3},
	pages={371--381},
	year={2011},
	publisher={Elsevier}
}

@article{aburas2010dengue,
	title={Dengue confirmed-cases prediction: A neural network model},
	author={Aburas, Hani M and Cetiner, B Gultekin and Sari, Murat},
	journal={Expert Systems with Applications},
	volume={37},
	number={6},
	pages={4256--4260},
	year={2010},
	publisher={Elsevier}
}

@article{yusof2011dengue,
	title={Dengue outbreak prediction: A least squares support vector machines approach},
	author={Yusof, Yuhanis and Mustaffa, Zuriani},
	journal={International Journal of Computer Theory and Engineering},
	volume={3},
	number={4},
	pages={489},
	year={2011},
	publisher={IACSIT Press}
}


